@article{lillis,
    author  = "Alfred Lilllis and John Lennon",
    title   = "The {C}omprehensive {T}ex {A}rchive {N}etwork ({CTAN})",
    year    = "1993",
    journal = "Journal of Neuroscience Methods",
    volume  = "1434",
    number  = "3",
    pages   = "342--351"
}
