@article{lillis,
    author  = {Lillis, KP and Eng, A and White, JA and Mertz, J},
    title   = {Two-photon imaging of spatially extended neuronal network dynamics with high temporal resolution},
    year    = {2008},
    journal = {Journal of Neuroscience Methods},
    volume  = {172},
    number  = {2},
    pages   = {178--184}
}
